%% LaTeX2e file `references.bib'
%% generated by the `filecontents' environment
%% from source `python_course' on 2017/05/29.
%%
@misc{pypl,
title = {PopularitY of Programming Language},
author = {Pierre Carbonnelle},
year = 2016,
howpublished = {\url{http://pypl.github.io/PYPL.html}},
organization = {PYPL},
}
@misc{python,
title = {Python},
author = {python},
howpublished = {\url{python.org}},
organization = {Python},
}
@misc{treehouse,
title = {Treehouse},
author = {Treehouse},
howpublished = {\url{https://teamtreehouse.com/}},
}
